@inproceedings{conf/hotnets/0002PZSZ14,
  added-at = {2015-04-24T00:00:00.000+0200},
  author = {0002, Anran Wang and Peng, Chunyi and Zhang, Ouyang and Shen, Guobin and Zeng, Bing},
  biburl = {http://www.bibsonomy.org/bibtex/2091123aa03be436a7ccdaf7752a99620/dblp},
  booktitle = {HotNets},
  crossref = {conf/hotnets/2014},
  editor = {Katz-Bassett, Ethan and Heidemann, John S. and Godfrey, Brighten and Feldmann, Anja},
  ee = {http://doi.acm.org/10.1145/2670518.2673867},
  interhash = {afe8a2b63b74d48e0128f08d5186ab0d},
  intrahash = {091123aa03be436a7ccdaf7752a99620},
  isbn = {978-1-4503-3256-9},
  keywords = {dblp},
  pages = {23:1-23:7},
  publisher = {ACM},
  timestamp = {2015-04-28T05:30:52.000+0200},
  title = {InFrame: Multiflexing Full-Frame Visible Communication Channel for Humans and Devices.},
  url = {http://dblp.uni-trier.de/db/conf/hotnets/hotnets2014.html#0002PZSZ14},
  year = 2014
}