@inproceedings{wang2015inframe++,
  title={InFrame++: Achieve Simultaneous Screen-Human Viewing and Hidden Screen-Camera Communication},
  author={Wang, Anran and Li, Zhuoran and Peng, Chunyi and Shen, Guobin and Fang, Gan and Zeng, Bing},
  booktitle={Proceedings of the 13th Annual International Conference on Mobile Systems, Applications, and Services},
  pages={181--195},
  year={2015},
  organization={ACM}
}
@article{cox1997secure,
    title={Secure spread spectrum watermarking for multimedia},
    author={Cox, Ingemar J and Kilian, Joe and Leighton, F Thomson and Shamoon, Talal},
    journal={Image Processing, IEEE Transactions on},
    volume={6},
    number={12},
    pages={1673--1687},
    year={1997},
    publisher={IEEE}
}
@article{reed1960polynomial,
    title={Polynomial codes over certain finite fields},
    author={Reed, Irving S and Solomon, Gustave},
    journal={Journal of the society for industrial and applied mathematics},
    volume={8},
    number={2},
    pages={300--304},
    year={1960},
    publisher={SIAM}
}